%% This BibTeX bibliography file was created using BibDesk.
%% http://bibdesk.sourceforge.net/

%% Created for Alex Kukareko at 2017-05-07 15:43:03 +0300 


%% Saved with string encoding Unicode (UTF-8) 



@BOOK{java_book,
	title = {Java. Библиотека профессионала. Том 1. Основы},
	year = {2016},
	author = {Хорстманн К., Корнелл Г.},
	pages = {866},
	address = {Вильямс},
	language = {russian}
}

@BOOK{java_book2,
	title = {Java. Библиотека ауауа. Том 1. Основы},
	year = {2016},
	author = {Хорстманн22 К., Корнелл Г.},
	pages = {866},
	address = {Вильямс},
	language = {russian}
}